@ARTICLE{Vazquez2013,
author={V\'{a}zquez, M. A. and M\'{i}guez, J.},
journal={Vehicular Technology, IEEE Transactions on},
title={User Activity Tracking in {DS-CDMA} Systems},
year={2013},
month={Sept},
volume={62},
number={7},
pages={3188-3203},
keywords={Bayes methods;MIMO communication;code division multiple access;radio receivers;wireless channels;Bayesian framework;DS-CDMA systems;MAP equalizers;activity tracking;computer simulations;data detection;direct sequence code division multiple-access;joint channel estimation;maximum a posteriori;multiple-input-multiple-output communication channels;multiuser communication systems;time-varying number;time-varying parameter;Channel estimation;Equations;Joints;Mathematical model;Multiaccess communication;Receivers;Vectors;Activity detection;code-division multiple access (CDMA);joint channel and data estimation;per-survivor processing (PSP);sequential Monte Carlo (SMC) methods},
doi={10.1109/TVT.2013.2251024},
ISSN={0018-9545},}

@article{Dhillon2013,
  author    = {Dhillon, H. S. and
                Huang, H. C. and
                Viswanathan, H. and
               Valenzuela  R. A.},
  title     = {Fundamentals of Throughput Maximization with Random Arrivals for {M2M} Communications},
  journal   = {CoRR},
  volume    = {abs/1307.0585},
  year      = {2013},
  url       = {http://arxiv.org/abs/1307.0585},
  timestamp = {Thu, 15 Aug 2013 15:30:54 +0200},
  biburl    = {http://dblp.uni-trier.de/rec/bib/journals/corr/DhillonHVV13},
  bibsource = {dblp computer science bibliography, http://dblp.org}
}

@INPROCEEDINGS{Chen2010,
author={Chen, Y. and  Wang, W.},
booktitle={Vehicular Technology Conference Fall (VTC 2010-Fall), 2010 IEEE 72nd},
title={Machine-to-Machine Communication in {LTE-A}},
year={2010},
month={Sept},
pages={1-4},
}


@article{Kuss05,
    Author = {Kuss, M. and Rasmussen, C. E.},
    Journal = {Journal of Machine learning research},
    Month = {Oct.},
    Pages = {1679--1704},
    Title = {Assessing approximate inference for binary {G}aussian Process classification},
    Volume = {6},
    Year = {2005}
 }

 @inproceedings{Minka2001,
 author = {Minka, T. P.},
 title = {Expectation Propagation for approximate {B}ayesian inference},
 booktitle = {Proceedings of the 17th Conference in Uncertainty in Artificial Intelligence},
 series = {UAI '01},
 year = {2001},
 isbn = {1-55860-800-1},
 pages = {362--369},
 numpages = {8},
 publisher = {Morgan Kaufmann Publishers Inc.},
 address = {San Francisco, CA, USA},
} 

@article{Opper2005,
 author = {Opper, M. and Winther, O.},
 title = {Expectation Consistent Approximate Inference},
 journal = {J. Mach. Learn. Res.},
 issue_date = {12/1/2005},
 volume = {6},
 month = dec,
 year = {2005},
 issn = {1532-4435},
 pages = {2177--2204},
 numpages = {28},
 publisher = {JMLR.org},
} 


@TECHREPORT{Seeger05,
    author = {Seeger, M. W.},
    title = {Expectation propagation for exponential families},
    institution = {},
    year = {2005}
}

@article{Seeger2008,
 author = {Seeger, M. W.},
 title = {Bayesian Inference and Optimal Design for the Sparse Linear Model},
 journal = {J. Mach. Learn. Res.},
 issue_date = {6/1/2008},
 volume = {9},
 month = jun,
 year = {2008},
 issn = {1532-4435},
 pages = {759--813},
 numpages = {55},
 publisher = {JMLR.org},
}


@article{Cseke2011,
 author = {Cseke, B. and Heskes, T.},
 title = {Approximate Marginals in Latent {G}aussian Models},
 journal = {J. Mach. Learn. Res.},
 issue_date = {2/1/2011},
 volume = {12},
 month = feb,
 year = {2011},
 issn = {1532-4435},
 pages = {417--454},
 numpages = {38},
 publisher = {JMLR.org},
} 

@ARTICLE{RabinerandJuang,
author={Rabiner, L. and Juang, B.},
journal={ASSP Magazine, IEEE}, title={An introduction to hidden {M}arkov models},
year={1986},
month={jan },
volume={3},
number={1},
pages={4-16},
keywords={},
}

@INPROCEEDINGS{Nag,
author={Nag, R. and Wong, K. and Fallside, F.},
booktitle={Acoustics, Speech, and Signal Processing, IEEE International Conference on ICASSP '86.}, title={Script recognition using hidden {M}arkov models},
year={1986},
month={apr},
volume={11},
number={},
pages={ 2071-2074},
keywords={},
}

@article{Baldi,
author = {Baldi, P. and Chauvin, Y. and Hunkapiller, T. and McClure, M. A.}, 
title = {Hidden Markov models of biological primary sequence information}, 
volume = {91}, 
number = {3}, 
pages = {1059-1063}, 
year = {1994}, 
journal = {Proceedings of the National Academy of Sciences} 
}

@ARTICLE{Rabiner,
author={Rabiner, L. R.},
journal={Proceedings of the IEEE}, title={A tutorial on hidden {M}arkov models and selected applications in speech recognition},
year={1989},
month={feb},
volume={77},
number={2},
pages={257-286},
keywords={balls-in-urns system;coin-tossing;discrete Markov chains;ergodic models;hidden Markov models;hidden states;left-right models;probabilistic function;speech recognition;Markov processes;speech recognition;},
}

@article{Kupiec,
title = "Robust part-of-speech tagging using a hidden {M}arkov model",
journal = "Computer Speech \& Language",
volume = "6",
number = "3",
pages = "225-242",
year = "1992",
note = "",
issn = "0885-2308",
doi = "10.1016/0885-2308(92)90019-Z",
author = {Kupiec, J.}
}

@article{dempster,
  added-at = {2012-04-11T20:35:52.000+0200},
  author = {Dempster, A. P. and Laird, N. M. and Rubin, D. B.},
  biburl = {http://www.bibsonomy.org/bibtex/2ce956cc521ce025021ba32ad310add4e/aude.hofleitner},
  groups = {public},
  interhash = {6a3c3e7e36b05f7855a57eab65f93593},
  intrahash = {ce956cc521ce025021ba32ad310add4e},
  journal = {Journal of the Royal Statistical Society. Series B (Methodological)},
  keywords = {jabref:noKeywordAssigned},
  pages = {1--38},
  publisher = {JSTOR},
  timestamp = {2012-04-11T20:35:52.000+0200},
  title = {Maximum likelihood from incomplete data via the {EM} algorithm},
  username = {aude.hofleitner},
  year = 1977
}

@article{baum,
  added-at = {2011-10-19T09:48:03.000+0200},
  author = {Baum, L. E. and Petrie, T.},
  biburl = {http://www.bibsonomy.org/bibtex/20ad73f0fafbbe5285f30c120c1c50132/grlogic},
  interhash = {851eea91e34267b918104100f5871896},
  intrahash = {0ad73f0fafbbe5285f30c120c1c50132},
  journal = {Annals of Mathematical Statistics},
  keywords = {Baum},
  pages = {1554-1563},
  timestamp = {2011-10-19T09:48:03.000+0200},
  title = {Statistical inference for probabilistic functions of
  finite state {M}arkov chains},
  volume = 37,
  year = 1966
}

@MISC{DoshiVelez,
    author = {Doshi-Velez, F. and Miller, K. T. and Van Gael, J. and Teh, Y. W.},
    title = { Variational Inference for the {I}ndian buffet process},
    year = {2009}
}

@article{IBP,
  author = {Griffiths, T. L. and Ghahramani, Z.},
  journal = {Journal of Machine Learning Research},
  pages = {1185-1224},
  title = {The {I}ndian buffet process: an introduction and review},
  volume = {12},
  year = {2011},
}


@article{Williamson,
	title={The {IBP} Compound {D}irichlet Process and its Application to Focused Topic Modeling},
	volume={11},
	author={Williamson, S. and Wang, C. and Heller, K. A. and Blei, D. M.},
	editor={FÃ¼rnkranz, Johannes and Joachims, ThorstenEditors},
	year={2010},
	pages={1151-1158}
}

@article{Titsias,
    author = {Titsias, M.},
    journal = {Advances in Neural Information Processing Systems ({NIPS})},
    title = {{The infinite gamma-{P}oisson feature model}},
    volume = {19},
    year = {2007}
}

@inproceedings{IFHMM,
	Author =        {{Van Gael}, J. and Teh, Y. W. and Ghahramani, Z.},
	Title =         {The Infinite Factorial Hidden {M}arkov Model},
	Booktitle =     {Advances in Neural Information Processing Systems ({NIPS})},
	Volume =        {21},
	Year =          {2009}
}

@inproceedings{BeamIFHMM,
Author =        {{Van Gael}, J. and Saatci, Y. and Teh, Y. W. and Ghahramani, Z.},
Title =         {Beam sampling for the infinite hidden {M}arkov model},
Booktitle =     {Proceedings of the International Conference on Machine Learning},
Volume =        {25},
Year =          {2008}
}

@article{Blei,
    author = {Blei, D. M. and Lafferty, J. D.},
    journal = {Annals of Applied Statistics},
    month = aug,
    number = {1},
    pages = {17-35},
    title = {A correlated topic model of {S}cience},
    volume = {1},
    year = {2007}
}


@ARTICLE{GPs,
    author = {Williams, C. K. I. and Barber, D.},
    title = {Bayesian Classification with {G}aussian {P}rocesses},
    journal = {IEEE Transactions on Pattern Analysis and Machine Intelligence},
    year = {1998},
    volume = {20},
    pages = {1342-1351}
}


@book{Boyd,
    month = mar,
    author = {Boyd, S. and Vandenberghe, L.},
    publisher = {Cambridge University Press},
    title = {{Convex Optimization}},
    year = {2004},
}


@article{Woodbury,
    author = {Woodbury, M. A.},
    journal = {Mathematical Reviews},
    title = {The Stability of Out-Input Matrices},
    year = {1949}
}


@book{matrixDetLemma,
    author = {Harville, D. A.},
    publisher = {Springer-Verlag},
    title = {Matrix Algebra From a Statistician{'}s Perspective},
    year = {1997},
}


@book{RLS,
    author = {Haykin, S.},
    publisher = {Prentice Hall},
    title = {Adaptive Filter Theory},
    year = {2002},
}

@article{Laplace,
    author = {Laplace, P. S. },
    journal = {M\'{e}moires de Math\'{e}matique et de Physique, Tome Sixi\`{e}me },
    title = { Memoir on the probability of causes of events},
    year = {1774},
   note ={ (English translation by S. M. Stigler, 1986. Statist. Sci., 1(19):364-378)},
}

@article{HMM,
  author = {Baum, L. E. and Petrie, T.},
  journal = {Annals of Mathematical Statistics},
  pages = {1554-1563},
  title = {Statistical inference for probabilistic functions of  finite state {M}arkov chains},
  volume = 37,
  year = 1966,
}

@incollection{HDP,
Author =        {Teh, Y. W. and Jordan, M. I.},
Title =         {Hierarchical {B}ayesian nonparametric models with applications},
Booktitle =     {Bayesian Nonparametrics: Principles and Practice},
Editor =        {Hjort, N. and Holmes, C. and M{\"u}ller, P. and Walker, S.},
Publisher =     {Cambridge University Press},
Year =          {2010},
}


@article{StickyHDPHMM,
title={A sticky {HDP-HMM} with application to speaker diarization},
author={Fox, E. B. and Sudderth, E. B. and Jordan, M. I. and Willsky, A. S.},
journal={Annals of Applied Statistics},
volume={5},
number={2A},
pages={1020-1056},
year={2011},
}


@article{FHMM,
  author = {Ghahramani, Z. and Jordan, M. I.},
  title = {Factorial hidden {M}arkov models},
  journal   = {Machine Learning},
  volume    = {29},
  number    = {2-3},
  year      = {1997},
  pages     = {245-273},
}


@article{HHMM,
 author = {Fine, S. and Singer, Y. and Tishby, N.},
 title = {The hierarchical hidden {M}arkov model: {A}nalysis and applications},
 journal = {Machine Learning},
 issue_date = {July 1998},
 volume = {32},
 number = {1},
 month = jul,
 year = {1998},
 pages = {41-62},
 publisher = {Kluwer Academic Publishers},
 address = {Hingham, MA, USA},
} 

@inproceedings{IHHMM,
 Author =        {Heller, K. A. and Teh, Y. W. and {G\"or\"ur}, D.},
 Booktitle =     {Proceedings of the International Conference on Artificial Intelligence and Statistics},
 Title =         {Infinite hierarchical hidden {M}arkov models},
 Volume =        {12},
 Year =          {2009},
}


@book{Jordan10,
  author = {Jordan, M. I.},
  booktitle = {Frontiers of Statistical Decision Making and Bayesian Analysis: In Honor of James O. Berger},
  title = {Hierarchical models, nested models and completely random measures},
  editor = {Chen, M.-H. and Dey, D. and Mueller, P. and Sun, D. and Ye, K.},
  publisher =    {Springer},
  address = {New York, (NY)},
  year =     {2010}
}


@INPROCEEDINGS{Ding2010,
AUTHOR = {Ding, N. and Ou, Z.},
TITLE = {Variational nonparametric {B}ayesian Hidden {M}arkov Model},
BOOKTITLE = {ICASSP'10},
PAGES = {2098-2101},
YEAR = {2010}, 
}

@ARTICLE{RobertRJHMMyHMM,
    author = {Robert, C. P. and Ryd\'en, T. and Titterington, D. M.},
    title = {Bayesian inference in hidden {M}arkov models through reversible jump {M}arkov chain {M}onte {C}arlo},
    journal = {Journal of the Royal Statistical Society, Series B},
    year = {2000},
    volume = {62},
    pages = {57-75},
}

@ARTICLE{SplitMergeDPs,
    author = {Jain, S. and Neal, R.},
    title = {A split-merge {M}arkov Chain {M}onte {C}arlo procedure for the {D}irichlet process mixture model},
    journal = {Journal of Computational and Graphical Statistics},
    year = {2000},
    volume = {13},
    pages = {158--182},
}

@ARTICLE{Tadesse2005,
	title = {Bayesian variable selection in clustering high-dimensional data},
	author = {Tadesse, M. G. and Sha, N. and Vannucci, M.},
	year = {2005},
	journal = {Journal of the American Statistical Association},
	volume = {100},
	pages = {602-617},
}

@ARTICLE{Green1995,
    author = {Green, P. J.},
    title = {Reversible jump {M}arkov chain {M}onte {C}arlo computation and {B}ayesian model determination},
    journal = {Biometrika},
    year = {1995},
    volume = {82},
    pages = {711--732}
}

@article{RichardsonGreen1997,
    author = {Richardson, S. and Green, P. J.},
    journal = {Journal of the Royal Statistical Society, Series B (Methodological)},
    number = {4},
    pages = {731-792},
    title = {On {B}ayesian Analysis of Mixtures with an Unknown Number of Components (with discussion)},
    volume = {59},
    year = {1997},
}


@article{SuicidasNIPS,
    author = {Ruiz, F. J. R. and Valera, I. and Blanco, C. and Perez-Cruz, F.},
    journal = {Advances in Neural Information Processing Systems ({NIPS})},
    title = {Bayesian nonparametric modeling of suicide attempts},
    volume = {25},
    year = {2012},
    pages = {1862--1870}
}


@article{IntroVariational,
 author = {Jordan, M. I. and Ghahramani, Z. and Jaakkola, T. S. and Saul, L. K.},
 title = {An Introduction to Variational Methods for Graphical Models},
 journal = {Machine Learning},
 volume = {37},
 number = {2},
 month = nov,
 year = {1999},
 pages = {183--233},
 numpages = {51},
} 


@incollection{Aldous1985,
  address = {Berlin},
  author = {Aldous, D.},
  booktitle = {{\'E}cole d'{\'e}t{\'e} de probabilit{\'e}s de {S}aint-{F}lour, {XIII}---1983},
  pages = {1--198},
  publisher = {Springer},
  title = {Exchangeability and related topics},
  year = 1985,
}


@article{Bouchard,
    author = {Bouchard, G.},
    journal = {Advances in Neural Information Processing Systems ({NIPS}), Workshop on Approximate Inference in Hybrid Models},
    title = {Efficient bounds for the softmax and applications to approximate inference in hybrid models},
    year = {2007}
}


@inproceedings{MniTeh2012a,
Author = {Mnih, A. and Teh, Y. W.},
Booktitle = {Proceedings of the International Conference on Machine Learning},
Title = {A Fast and Simple Algorithm for Training Neural Probabilistic Language Models},
Year = {2012}}


@inproceedings{TehBluEll2011a,
Author = {Teh, Y. W.  and Blundell, C. and Elliott, L. T.},
Booktitle = {Advances In Neural Information Processing Systems},
Title = {Modelling Genetic Variations with Fragmentation-Coagulation Processes},
Year = {2011}}


@inproceedings{RaoTeh2011b,
Author = {Rao, V. and Teh, Y. W.},
Booktitle = {Advances In Neural Information Processing Systems},
Title = {Gaussian Process Modulated Renewal Processes},
Year = {2011}}


@inproceedings{RaoTeh2011a,
Author = {Rao, V. and Teh, Y. W.},
Booktitle = {Proceedings of the International Conference on 
                Uncertainty in Artificial Intelligence},
Title = {Fast {MCMC} sampling for {M}arkov jump processes and continuous time
{B}ayesian networks},
Year = {2011}}


@inproceedings{WelTeh2011a,
Author = {Welling, M. and Teh, Y. W.},
Booktitle = {Proceedings of the International Conference on Machine Learning},
Title = {{B}ayesian Learning via Stochastic Gradient {L}angevin Dynamics},
Year = {2011}}


@inproceedings{SilBluTeh2011a,
Author = {Silva, R. and Blundell, C. and Teh, Y. W.},
Booktitle = {Proceedings of the International Conference on 
                Artificial Intelligence and Statistics},
Title = {Mixed Cumulative Distribution Networks},
Year = {2011}}


@article{GorTeh2011a,
Author = {{G\"or\"ur}, D. and Teh, Y. W.},
Journal = {Journal of Computational and Graphical Statistics},
Title = {Concave-Convex Adaptive Rejection Sampling},
Year = {2011}}


@article{WooGasArc2011a,
Author = {Wood, F. and Gasthaus, J. and Archambeau, C. and James, L. and Teh, Y. W.},
Journal = {Communications of the Association for Computing Machines},
Number = {2},
Pages = {91-98},
Title = {The Sequence Memoizer},
Volume = {54},
Year = {2011}}


@incollection{BluTehHel2011a,
Author = {Blundell, C. and Teh, Y. W. and Heller, K. A.},
Booktitle = {Mixture Estimation and Applications},
Editor = {K. Mengersen and C. P. Robert and M. Titterington},
Publisher = {John Wiley \& Sons},
Title = {Discovering Non-binary Hierarchical Structures with {B}ayesian Rose Trees},
Year = {2011}}


@inproceedings{GasTeh2010a,
Author = {Gasthaus, J. and Teh, Y. W.},
Booktitle = {Advances in Neural Information Processing Systems},
Title = {Improvements to the Sequence Memoizer},
Year = {2010}}



@inproceedings{BluTehHel2010a,
Author = {Blundell, C. and Teh, Y. W. and Heller, K. A.},
Booktitle = {Proceedings of the International Conference on 
             Uncertainty in Artificial Intelligence},
Title = {{B}ayesian Rose Trees},
Year = {2010}}



@incollection{OrbTeh2010a,
Author = {Orbanz, P. and Teh, Y. W.},
Booktitle = {Encyclopedia of Machine Learning},
Publisher = {Springer},
Title = {{B}ayesian Nonparametric Models},
Year = {2010}}


@incollection{Teh2010a,
Author = {Teh, Y. W.},
Booktitle = {Encyclopedia of Machine Learning},
Publisher = {Springer},
Title = {{D}irichlet Processes},
Year = {2010}}


@inproceedings{GasWooTeh2010a,
Author = {J. Gasthaus and F. Wood and Teh, Y. W.},
Booktitle = {Data Compression Conference},
Title = {Lossless compression based on the Sequence Memoizer},
Year = {2010}}


@book{TehJor2010a,
Author =        {Teh, Y. W. and Jordan, M. I.},
Title =         {Hierarchical {B}ayesian Nonparametric Models with Applications},
Booktitle =     {Bayesian Nonparametrics: Principles and Practice},
Editor =        {Hjort, N. and Holmes, C. and M{\"u}ller, P. and Walker, S.},
Publisher =     {Cambridge University Press},
Year =          {2010}
}



@inproceedings{TehGor2009a,
Author = {Teh, Y. W. and {G\"or\"ur}, D.},
Booktitle = {Advances in Neural Information Processing Systems},
Title = {{I}ndian Buffet Processes with Power-law Behavior},
Year = {2009}}


@inproceedings{RaoTeh2009a,
Author = {Rao, V. and Teh, Y. W.},
Booktitle = {Advances in Neural Information Processing Systems},
Title = {Spatial Normalized Gamma Processes},
Year = {2009}}



@inproceedings{AsuWelSmy2009a,
Author =        {Asuncion, A. and Welling, M. and Smyth, P. and Teh, Y. W.},
Title =         {On Smoothing and Inference for Topic Models},
Booktitle =     {Proceedings of the International Conference on 
                Uncertainty in Artificial Intelligence},
Year =          {2009}}


@inproceedings{WooArcGas2009a,
Author =        {Wood, F. and Archambeau, C. and Gasthaus, J. and 
                James, L. F. and Teh, Y. W.},
Title =         {A Stochastic Memoizer for Sequence Data},
Booktitle =     {Proceedings of the International Conference on 
                Machine Learning},
Year = {2009}}


@inproceedings{DosMilVan2009a,
Author =        {Doshi-Velez, F. and Miller, K. T. and Van Gael, J. and Teh, Y. W.},
Title =         {Variational Inference for the {I}ndian Buffet Process},
Booktitle =     {Proceedings of the International Conference on 
                Artificial Intelligence and Statistics},
Volume =        {12},
Year =          {2009}}


@inproceedings{HelTehGor2009a,
Author =        {Heller, K. A. and Teh, Y. W. and {G\"or\"ur}, D.},
Booktitle =     {Proceedings of the International Conference on 
                Artificial Intelligence and Statistics},
Title =         {Infinite Hierarchical Hidden {M}arkov Models},
Volume =        {12},
Year =          {2009}}


@inproceedings{WooTeh2009a,
Author =        {Wood, F. and Teh, Y. W.},
Title =         {A Hierarchical Nonparametric {B}ayesian Approach 
                to Statistical Language Model Domain Adaptation},
Booktitle =     {Proceedings of the International Conference on 
                Artificial Intelligence and Statistics},
Volume =        {12},
Year =          {2009}}


@inproceedings{HafTeh2009a,
Author =        {Haffari, G. R. and Teh, Y. W.},
Title =         {Hierarchical {D}irichlet Trees for Information Retrieval},
Booktitle =     {Proceedings of the Annual Meeting of the 
                North American Association for Computational Linguistics 
                and the Human Language Technology Conference},
Year =          {2009}}


@inproceedings{RoyTeh2009a,
Author =        {Roy, D. M. and Teh, Y. W.},
Title =         {The {M}ondrian Process},
Booktitle =     {Advances in Neural Information Processing Systems},
Volume =        {21},
Year =          {2009}}


@inproceedings{GorTeh2009a,
Author =        {{G\"or\"ur}, D. and Teh, Y. W.},
Booktitle =     {Advances in Neural Information Processing Systems},
Title =         {An Efficient Sequential {M}onte {C}arlo Algorithm for Coalescent Clustering},
Volume =        {21},
Year =          {2009}}


@inproceedings{VanTehGha2009a,
Author =        {Van Gael, J. and Teh, Y. W. and Ghahramani, Z.},
Title =         {The Infinite Factorial Hidden {M}arkov Model},
Booktitle =     {Advances in Neural Information Processing Systems},
Volume =        {21},
Year =          {2009}}


@inproceedings{GasWooGor2009a,
Author =        {Gasthaus, J. and Wood, F. and {G\"or\"ur}, D. and Teh, Y. W.},
Title =         {Dependent {D}irichlet Process Spike Sorting},
Booktitle =     {Advances in Neural Information Processing Systems},
Volume =        {21},
Year =          {2009}}


@inproceedings{QuoTehCha2009a,
Author =        {Quon, G. and Teh, Y. W. and Chan, E. and Brudno, M.
                and Hughes, T. and Morris, Q. D.},
Title =         {A Mixture Model for the Evolution of Gene Expression 
                in Non-homogeneous Datasets},
Booktitle =     {Advances in Neural Information Processing Systems},
Volume =        {21},
Year =          {2009}}



@inproceedings{WelTehKap2008a,
Author =        {Welling, M. and Teh, Y. W. and Kappen, H. J.},
Title =         {Hybrid {Variational/Gibbs} Collapsed Inference in Topic Models},
Booktitle =     {Proceedings of the International Conference on 
                Uncertainty in Artificial Intelligence},
Volume =        {24},
Year =          {2008}}


@inproceedings{VanSaaTeh2008a,
Author =        {Van Gael, J. and Saatci, Y. and Teh, Y. W. and Ghahramani, Z.},
Title =         {Beam Sampling for the Infinite Hidden {M}arkov Model},
Booktitle =     {Proceedings of the International Conference on Machine Learning},
Volume =        {25},
Year =          {2008}}


@inproceedings{TehDauRoy2008,
author=         "Teh, Y. W. and {Daum\'e III}, H. and Roy, D. M.",
title=          "{B}ayesian Agglomerative Clustering with Coalescents",
booktitle=      "Advances in Neural Information Processing Systems",
volume=         "20",
year=           "2008"
}


@inproceedings{TehKurWel2008,
author=         "Teh, Y. W. and Kurihara, K. and Welling, M.",
title=          "Collapsed Variational Inference for {HDP}",
booktitle=      "Advances in Neural Information Processing Systems",
volume=         "20",
year=           "2008"
}


@inproceedings{ChiLeeTeh2008,
author=         {Chieu, H. L. and Lee, W. S. and Teh, Y. W.},
title=          {Cooled and Relaxed Survey Propagation for {MRFs}},
booktitle=      {Advances in Neural Information Processing Systems},
volume=         {20},
year=           {2008},
}

@article{lindsten2014particle,
  title={Particle {G}ibbs with ancestor sampling},
  author={Lindsten, F. and Jordan, M. I and Sch{\"o}n, T. B.},
  journal={The Journal of Machine Learning Research},
  volume={15},
  number={1},
  pages={2145--2184},
  year={2014},
  publisher={JMLR. org}
}

@unpublished{BerBerEdw2007,
author=         {Berg, T. L. and Berg, A. C. and Edwards, J. and Maire, M. and
                 White, R. and Teh, Y. W. and Learned-Miller, E. and       
                 Forsyth, D. A.},
title=          {Names and Faces},
note=           {Submitted},
year=           {2007},
}


@inproceedings{LimTeh2007,
author=         {Lim, Y. J. and Teh, Y. W.},
title=          {Variational {B}ayesian Approach to Movie Rating Prediction},
booktitle=      {Proceedings of {KDD} Cup and Workshop},
year=           {2007},
}


@inproceedings{CaiLeeTeh2007b,
author=         {Cai, J. F. and Lee, W. S. and Teh, Y. W.},
title=          {Improving Word Sense Disambiguation Using Topic Features},
booktitle=      {Proceedings of the Joint Conference on Empirical Methods 
                 in Natural Language Processing and Computational Natural 
                 Language Learning (EMNLP-coNLL)},
pages=          {1015--1023},
year=           {2007},
url=            {http://www.aclweb.org/anthology/D/D07/D07-1108},
}



@inproceedings{CaiLeeTeh2007a,
author=         {Cai, J. F. and Lee, W. S. and Teh, Y. W.},
title=          {{NUS-ML}: Improving Word Sense Disambiguation Using Topic Features},
booktitle=      {Proceedings of the International Workshop on Semantic
                 Evaluations},
volume=         {4},
year=           {2007},
}

@inproceedings{StickBreakingIBP,
	author= {Teh, Y. W. and {G\"or\"ur}, D. and Ghahramani, Z.},
	title=          {Stick-breaking Construction for the {I}ndian Buffet Process},
	booktitle=      {Proceedings of the International Conference on Artificial
	                 Intelligence and Statistics},
	volume=         {11},
	year=           {2007},
}

@article{Walker2010,
	title={Sampling the {D}irichlet mixture model with slices},
	volume={36},
	number={1},
	journal={Communications in Statistics Simulation and Computation},
	publisher={Taylor & Francis},
	author={Walker, S. G.},
	year={2010},
	pages={45--54},
}

@article{ARS_Gibbs,
    author = {Gilks, W. R. and Wild, P.},
    journal = {Journal of the Royal Statistical Society. Series C (Applied Statistics)},
    number = {2},
    pages = {337--348},
    publisher = {Blackwell Publishing for the Royal Statistical Society},
    title = {Adaptive Rejection Sampling for {G}ibbs Sampling},
    volume = {41},
    year = {1992},
}

@ARTICLE{SliceSampling,
    author = {Neal, R.},
    title = {Slice Sampling},
    journal = {Annals of Statistics},
    year = {2000},
    volume = {31},
    pages = {705--767}
}

@article {Scott2002,
    AUTHOR = {Scott, S. L.},
     TITLE = {Bayesian methods for hidden {M}arkov models: recursive computing in the 21st century},
  JOURNAL = {Journal of the American Statistical Association},
    VOLUME = {97},
      YEAR = {2002},
    NUMBER = {457},
     PAGES = {337--351},
      ISSN = {0162-1459},
}

@article {NestedEP,
    AUTHOR = {Riihim\"{a}ki, J. and Jyl\"{a}nki, P. and Vehtari, A.},
     TITLE = {Nested Expectation Propagation for {G}aussian Process Classification with a Multinomial Probit Likelihood},
  JOURNAL = {Journal of Machine Learning Research},
    VOLUME = {14},
      YEAR = {2013},
     PAGES = {75--109},
}

@article {PsiquiatrasJMLR,
    AUTHOR = {Ruiz, F. J. R. and Valera, I. and Blanco, C. and Perez-Cruz, F.},
     TITLE = {Bayesian nonparametric comorbidity analysis of psychiatric disorders},
  JOURNAL = {Journal of Machine Learning Research (Submitted)},
    VOLUME = {},
      YEAR = {2013},
     PAGES = {},
}

@article{KnowlesZoubin,
    author = {Knowles, D. A. and Ghahramani, Z.},
    journal = {Annals of Applied Statistics},
    number = {2B},
    pages = {1534--1552},
    title = {Nonparametric {B}ayesian sparse factor models with application to gene expression modelling},
    volume = {5},
    year = {2011}
}

@article{GirolamiZhong2007,
    author = {Girolami, M. and Zhong, M.},
    journal = {Advances in Neural Information Processing Systems ({NIPS})},
    title = {Data Integration for Classification Problems Employing {G}aussian Process Priors},
    volume = {19},
    year = {2007},
    pages = {465--472}
}

@techreport{SeegerJordan2004,
    author = {Seeger, M. W. and  Jordan, M. I.},
    title = {Sparse {G}aussian Process Classification with Multiple Classes},
    institution = {University of California, Berkeley, CA},
    year = {2004}
}

@inproceedings{QiMinka2004,
 author = {Qi, Y. and Minka, T. P. and Picard, R. W. and Ghahramani, Z.},
 title = {Predictive automatic relevance determination by expectation propagation},
 booktitle = {Proceedings of the twenty-first international conference on Machine Learning},
 series = {ICML '04},
 year = {2004},
 pages = {671--678},
} 

@techreport{Darby2006,
    author = {Darby, S.},
    institution = {Environmental Change Institute, University of Oxford},
    title = {The effectiveness of feedback on energy consumption: A review for {DEFRA} of the literature on metering, billing and direct displays},
    year = {2006}
}

@techreport{Neenan2009,
    author = {Neenan, B. and Robinson, J.},
    institution = {Electric Power Research Institute},
    title = {Residential electricity use feedback: A research synthesis and economic framework},
    year = {2009}
}

@inproceedings{REDD,
    title={{REDD}: A Public Data Set for Energy Disaggregation Research},
    author={Kolter, J. Z. and Johnson, M. J.},
    booktitle = {SustKDD Workshop on Data Mining Applications in Sustainability},
    year = {2011},
    location = {San Diego, California, USA},
}

@article{JohnsonWillsky2013,
    title={Bayesian Nonparametric Hidden Semi-{M}arkov Models},
    author={Johnson, M. J. and Willsky, A. S.},
    journal={Journal of Machine Learning Research},
    pages={673--701},
    volume={14},
    month={February},
    year={2013},
}

@inproceedings{Kim2011,
  author    = {Kim, H. and Marwah, M. and Arlitt, M. F. and Lyon, G. and Han, J.},
  title     = {Unsupervised Disaggregation of Low Frequency Power Measurements},
  booktitle = {SDM},
  year      = {2011},
  pages     = {747--758},
}

@INPROCEEDINGS{Hughes2013,
		author={Hughes, M. C. and Fox, E. B. and Sudderth, E. B.},
		title={Effective Split-Merge {M}onte {C}arlo Methods for Nonparametric Models of Sequential Data},
		booktitle = "Neural Information Processing Systems 25",
		year = {2013},
}

@article{IFUHMM,
    author = {Valera, I. and Ruiz, F. J. R. and Perez-Cruz, F.},
    journal = {Submitted to Advances in Neural Information Processing Systems ({NIPS})},
    title = {Infinite Factorial Unbounded-State {HMM} for Power Disaggregation},
    year = {2013},
}

@book{anderson2006automata,
  title={Automata Theory with Modern Applications},
  author={Anderson, J. A. and Head, T. J.},
  year={2006},
  publisher={Cambridge University Press}
}

@book{Wang2012,
 author = {Wang, J.},
 title = {Handbook of Finite State Based Models and Applications},
 year = {2012},
 isbn = {1439846189, 9781439846186},
 edition = {1st},
 publisher = {Chapman \& Hall/CRC},
} 


%% MIMO

@book{Haykin1988,
  author={Haykin, S.},
  title={Digital Communications},
  year={1988},
  publisher={Wiley}
}


@ARTICLE{Bibliery98,
author={Biglieri, E. and Proakis, J. and Shamai, S.},
journal={IEEE Transactions on Information Theory},
title={Fading channels: information-theoretic and communications aspects},
year={1998},
month={oct},
volume={44},
number={6},
pages={2619--2692},
keywords={Channel capacity;Communication systems;Dispersion;Fading;Helium;Information theory;Modulation coding;Multipath channels;Time-varying channels;Wireless communication;channel capacity;channel coding;equalisers;fading;information theory;multipath channels;reviews;statistical analysis;channel capacity;code design;communications aspects;equalization;fading channels;information theory;information-theoretic aspects;multipath channels;multiuser transmission;overview;review;single-user transmission;statistical models;},
}

@ARTICLE{Cadambe08,
author={Cadambe, V. R. and Jafar, S. A.},
journal={IEEE Transactions on Information Theory},
title={Interference Alignment and Degrees of Freedom of the ${K}$-User Interference Channel},
year={2008},
month={aug. },
volume={54},
number={8},
pages={3425--3441},}

@ARTICLE{ParticleFilteringMIMO,
	author={Djuric, P. M. and Kotecha, J. H. and Jianqui Zhang and Yufei Huang and Ghirmai, T. and Bugallo, M. F. and M\'{i}guez, J.},
	journal={Signal Processing Magazine, IEEE},
	title={Particle filtering},
	year={2003},
	month={sep},
	volume={20},
	number={5},
	pages={19--38},
}


@ARTICLE{UserActivityZhu2011,
	author={Zhu, H. and Giannakis, G. B.},
	journal={IEEE Transactions on Communications},
	title={Exploiting Sparse User Activity in Multiuser Detection},
	year={2011},
	month={february},
	volume={59},
	number={2},
	pages={454--465},
}


@ARTICLE{VazquezMiguez2011,
	author={V\'{a}zquez, M. A. and M\'{i}guez, J.},
	journal={IEEE Transactions on Vehicular Technology},
	title={A Per-Survivor Processing Receiver for {MIMO} Transmission Systems With One Unknown Channel Order Per Output},
	year={2011},
	month={nov},
	volume={60},
	number={9},
	pages={4415--4426},
}


@ARTICLE{PerSurv2,
	author={M\'{i}guez, J. and Castedo, L.},
	journal={IEEE Transactions on Vehicular Technology},
	title={Semiblind maximum-likelihood demodulation for {CDMA} systems},
	year={2002},
	month={jul},
	volume={51},
	number={4},
	pages={775--781},
}

@ARTICLE{PerSurv4,
	author={V\'{a}zquez, M. A. and M\'{i}guez, J.},
	journal={IEEE Transactions on Vehicular Technology},
	title={Maximum-Likelihood Sequence Detection in Time- and Frequency-Selective {MIMO} Channels With Unknown Order},
	year={2009},
	month={jan},
	volume={58},
	number={1},
	pages={499--504},
}

@ARTICLE{PerSurv5,
	author={So, D. K. C. and Cheng, R. S.},
	journal={Wireless Communications, IEEE Transactions on},
	title={Iterative EM receiver for space-time coded systems in {MIMO} frequency-selective fading channels with channel gain and order estimation},
	year={2004},
	month={nov},
	volume={3},
	number={6},
	pages={ 1928--1935},
}

@ARTICLE{PerSurv7,
	author={Raheli, R. and Polydoros, A. and Ching-Kae Tzou},
	journal={IEEE Transactions on Communications},
	title={Per-Survivor Processing: a general approach to {MLSE} in uncertain environments},
	year={1995},
	month={feb/mar/apr},
	volume={43},
	number={234},
	pages={354--364},
}


@book{PerSurv8,
 author = {Glisic, S. G. and Leppanen, P. A.},
 title = {Wireless Communications: {TDMA} Versus {CDMA}},
 year = {1997},
 publisher = {Kluwer Academic Publishers},
 address = {Norwell, MA, USA},
} 


@ARTICLE{PerSurv9,
	author={Via, J. and Santamaria, I. and Perez, J.},
	journal={IEEE Transactions on Signal Processing},
	title={Effective channel order estimation based on combined identification/equalization},
	year={2006},
	month={sept},
	volume={54},
	number={9},
	pages={3518--3526},
}


@INPROCEEDINGS{PerSurv10,
	author={Arroyo, M. and Via, J. and Santamaria, I.},
	booktitle={Sensor Array and Multichannel Signal Processing Workshop, 2008. SAM 2008. 5th IEEE},
	title={Deterministic {MIMO} channel order estimation based on canonical correlation analysis},
	year={2008},
	month={july},
	volume={},
	number={},
	pages={18--22},
}


@article{PerSurv12,
 author = {Est\^{e}v\~{a}o, C. and Fernandes, R. and Comon, P. and Favier, G.},
 title = {Blind identification of {MISO-FIR} channels},
 journal = {Signal Processing},
 volume = {90},
 number = {2},
 month = feb,
 year = {2010},
 pages = {490--503},
 publisher = {Elsevier North-Holland, Inc.},
 address = {Amsterdam, The Netherlands, The Netherlands},
} 


@ARTICLE{AD3,
	author={Halford, K. W. and Brandt-Pearce, M.},
	journal={IEEE Transactions on Communications},
	title={New-user identification in a {CDMA} system},
	year={1998},
	month={jan},
	volume={46},
	number={1},
	pages={144--155},
}


@ARTICLE{AD4,
	author={Wei-Chiang Wu and Kwang-Cheng Chen},
	journal={Selected Areas in Communications, IEEE Journal on},
	title={Identification of active users in synchronous {CDMA} multiuser detection},
	year={1998},
	month={dec},
	volume={16},
	number={9},
	pages={1723--1735},
}


@article{AD6,
	title = {Multiuser Detection in a Dynamic Environment - {P}art {II}: Joint User Identification and Parameter Estimation},
	journal = {Information Theory, IEEE Transactions on},
	volume = {55},
	year = {2009},
	month = may,
	pages = {2365--2374},
	author = {Angelosante, A. and Biglieri, E. and Lops, M.}
}


@article{AD7,
	title = {Low-Complexity Receivers for Multiuser Detection with an Unknown Number of Active Users},
	journal = {Signal Processing},
	volume = {90},
	year = {2010},
	month = may,
	pages = {1486--1495},
	author = {Angelosante, D. and Biglieri, E. and Lops, M.}
}


@ARTICLE{AD8,
	author={Pad, P. and Mousavi, A. and Goli, A. and Marvasti, F.},
	journal={Communications Letters, IEEE},
	title={Simplified {MAP-MUD} for Active User {CDMA}},
	year={2011},
	month={june},
	volume={15},
	number={6},
	pages={599--601},
}


@INPROCEEDINGS{AD10,
	author={Angelosante, D. and Grossi, E. and Giannakis, G. B. and Lops, M.},
	booktitle={Signal Processing Advances in Wireless Communications, 2009. SPAWC '09. IEEE 10th Workshop on},
	title={Sparsity-aware estimation of {CDMA} system parameters},
	year={2009},
	month=jun,
	volume={},
	number={},
	pages={697--701},
}


@ARTICLE{AD11,
	author={Zhu, H. and Giannakis, G. B.},
	journal={IEEE Transactions on Communications},
	title={Exploiting Sparse User Activity in Multiuser Detection},
	year={2011},
	month=feb,
	volume={59},
	number={2},
	pages={454--465},
}



@ARTICLE{Telatar1999,
    author = {Telatar, I. E.},
    title = {Capacity of multi-antenna {G}aussian channels},
    journal = {European Transactions on Telecommunications},
    year = {1999},
    month = {nov},
    volume = {10},
    number = {6},
    pages = {585--595},
}


@inproceedings{ScherbKammeyer2007,
  author = {Scherb, A. and Kammeyer, K.-D.},
  year = {2007},
  month = {Feb},
  title = {Bayesian Channel Estimation for Doubly Correlated {MIMO} Systems},
  address={Vienna, Austria},
  booktitle={International ITG/IEEE Workshop on Smart Antennas (WSA 07)}
}


@TechReport{Allot11,
  author        = {{Allot Mobile Trends}},
  title         = {Global mobile broadband traffic report},
  institution   = {H2\_2011},
 note          = {http://www.allot.com/MobileTrends\_Report\_H2\_2011.html},
  year          = {2011}
}


@TechReport{Small_cells12a,
  title         = {Small Cell Market Status},
  institution   = {Informa Telecoms and Media. Issue 4},
    month =    {December},
  year          = {2012}
}

@article{Irmer11,
  author =   {Irmer, R. and Droste, H. and Marsch, P. and Grieger, M. and Fettweis, G. and Brueck, S. and Mayer, H. P. and Thiele, L. and Jungnickel, V.},
  title =    {Coordinated multipoint: Concepts, performance, and field trial results},
  journal =  {IEEE Communication Magazine},
  volume =   49,
  number =   2,
  month =    {February},
  year =     2011,
  pages =    {102--111}
}


%% PSIQUIATRIA

@article{ValderasComorbidity,
    author = {Valderas, J. M. and Starfield, B. and Sibbald, B. and Salisbury, C. and Roland, M.},
    journal = {Annals of family medicine},
    number = {4},
    pages = {357--363},
    title = {Defining comorbidity: implications for understanding health and health services},
    volume = {7},
    year = {2009},
}


@article{Wolff2002,
	author = {Wolff, J. L. and Starfield, B. and Anderson, G.},
	title = {Prevalence, expenditures, and complications of multiple chronic conditions in the elderly},
	journal = {Archives of Internal Medicine},
	volume = {162},
	number = {20},
	pages = {2269--2276},
	year = {2002},
}


@article{Krueger1999,
	author = {Krueger, R. F.},
	title = {The structure of common mental disorders},
	journal = {Archives of General Psychiatry},
	volume = {56},
	number = {10},
	pages = {921--926},
	year = {1999},
}


@article{Kotov2011,
	author = {Kotov, R. and Ruggero, C. J. and Krueger, R. F. and Watson, D. and Yuan, Q. and Zimmerman, M.},
	title = {New dimensions in the quantitative classification of mental illness},
	journal = {Archives of General Psychiatry},
	volume = {68},
	number = {10},
	pages = {1003--1011},
	year = {2011},
}


@book{Abramowitz,
  address = {New York},
  author = {Abramowitz, M. and Stegun, I. A.},
  publisher = {{D}over {P}ublications},
  title = {Handbook of Mathematical Functions with Formulas, Graphs, and Mathematical Tables},
  year = 1972,
}


@article{Blanco2012,
    author = {Blanco, C. and Krueger, R. F. and Hasin, D. S. and Liu, S. M. and Wang, S. and Kerridge, B. T. and Saha, T. and Olfson, M.},
    journal = {Journal of the American Medical Association Psychiatry},
    title = {Mapping common psychiatric disorders: Structure and predictive validity in the {National Epidemiologic Survey on Alcohol and Related Conditions}},
    volume = {70},
    number = {2},
    pages = {199--208},
    year = {2013},
}


@article{Vollebergh2001,
    author = {Vollebergh, W. A. and Ledema, J. and Bijl, R.V. and {de Graaf}, R. and Smit, F. and Ormel, J.},
    journal = {Archives of General Psychiatry},
    title = {The structure and stability of common mental disorders: the {NEMESIS} study},
    volume = {58},
    number = 6,
    pages={597--603},
    month= {Jun},
    year = {2001},
}


@article{Kendler2003,
    author = {Kendler, K. S. and Prescott, C. A. and Myers, J. and Neale, M. C.},
    journal = {Archives of General Psychiatry},
    title = {The structure of genetic and environmental risk factors for common psychiatric and substance use disorders in men and women},
    volume = {60},
    number = 9,
    pages={929--937},
    month= {Sep},
    year = {2003},
}


@MISC{uno,
    author = {C. Web-based injury statistics query and reporting system ({WISQARS})},
    title = {Centers for Disease Control and Prevention},
    year = {2010},
    url = {http://www.cdc.gov/injury/wisqars/index.html},
}


@MISC{dos,
    title = {Summary of National Strategy for Suicide Prevention: Goals and Objectives for Action},
    year = {2007},
    note = {Available at: http://www.sprc.org/library/nssp.pdf},  
}


@article {tres,
	title = {A suicide prevention program in a region with a very high suicide rate},
	journal = {Archives of General Psychiatry},
	volume = {64},
	number = {8},
	year = {2007},
	pages = {914-920},
	author = {Szanto, K. and Kalmar, S. and Hendin, H. and Rihmer, Z. and Mann, J. J.},
}


@article {cuatro,
	title = {Cognitive therapy for the prevention of suicide attempts: a randomized controlled trial},
	journal = {Journal of the American Medical Association},
	volume = {294},
	number = {5},
	year = {2005},
	pages = {563-570},
	author = {Brown, G. K. and Ten Have, T. and Henriques, G. R. and Xie, S.X. and Hollander, J.E. and Beck, A. T.},
}


@article {cinco,
	title = {Traumatic Events and Suicidal Behavior: Results From a National Mental Health Survey},
	journal = {The Journal of Nervous and Mental Disease},
	volume = {195},
	number={4},
	year = {2007},
	isbn = {0022-3018},
	pages = {342--349},
}



@article{seis,
	title={Suicidal ideation and suicide attempts in the United States: 1991-1992 and 2001-2002},
	volume={15},
	number={3},
	journal={Molecular Psychiatry},
	author={Baca-Garcia, E. and Perez-Rodriguez, M. M. and Keyes, K. M. and Oquendo, M. A. and Hasin, D. S. and Grant, B. F. and Blanco, C.},
	year={2010}, 
	pages={250-259},
}


@article{ocho,
	AUTHOR = {Kessler, R. C. and Berglund, P. and Borges, G. and Nock, M. and Wang, P. S.},
	TITLE = {Trends in suicide ideation, plans, gestures, and attempts in the United States, 1990-1992 to 2001-2003},
	JOURNAL = {Journal of the American Medical Association},
	VOLUME = {293},
	YEAR = {2005},
	NUMBER = {20},
	PAGES = {2487-2495},
}


@article{nueve,
    author = {Oquendo, M. A. and Garc{\'{\i}}a, E. B. and Mann, J. J. and Giner, J.},
    journal = {The American Journal of Psychiatry},
    month = nov,
    pages = {1383-1384},
    title = {Issues for {DSM-V:} Suicidal behavior as a separate diagnosis on a separate axis},
    volume = {165},
    number = {11},
    year = {2008},
}


@article {diez,
	title = {Suicide prevention strategies: a systematic review},
	journal = {The Journal of the American Medical Association},
	volume = {294},
	number = {16},
	year = {2005},
	pages = {2064-2074},
	author = {Mann, J. J. and Apter, A. and Bertolote, J. and Beautrais, A. and Currier, D. and Haas, A. and Hegerl, U. and Lonnqvist, J. and Malone, K. and Marusic, A. and Mehlum, L. and Patton, G. and Phillips, M. and Rutz, W. and Rihmer, Z. and Schmidtke, A. and Shaffer, D. and Silverman, M. and Takahashi, Y. and Varnik, A. and Wasserman, D. and Yip, P. and Hendin, H.}
}


@Article{trece,
	AUTHOR = {Krysinska, K. and Martin, G.},
	TITLE = {The struggle to prevent and evaluate: application of population attributable risk and preventive fraction to suicide prevention research},
	JOURNAL = {Suicide and Life-Threatening Behavior},
	VOLUME = {39},
	YEAR = {2009},
	NUMBER = {5},
	PAGES = {548-557},
	ISSN = {1943-278X}
}


@article{Bahl74,
  author =   {L. R. Bahl and J. Cocke and F. Jelinek and J. Raviv},
  title =    {Optimal decoding of linear codes for minimizing symbol error rate},
  journal =    {IEEE Transactions on Information Theory},
  volume = {20},
  number ={2},
  pages = {284-287},
  month = mar,
  year = {1974}
 }


@article{FFBS1,
  author =   {S. Fruhwirth-Schnatter},
  title =    {Data Augmentation and Dynamic Linear Models},
  journal =    {Journal of Time Series Analysis},
  volume = {15},
  number ={2},
  pages = {183--202},
  month = mar,
  year = {1994}
 }


@article{FFBS2,
  author =   {C. K. Carter and R. Kohn},
  title =    {On Gibbs Sampling for State Space Models},
  journal =    {Biometrika},
  volume = {81},
  number ={3},
  pages = {541--553},
  month = aug,
  year = {1994}
 }
 
 @article{Hoydis13,
  author =   {J. Hoydis and S. ten Brink and M. Debbah},
  title =    {Massive {MIMO} in the {UL/DL} of Cellular Networks: How Many Antennas Do We Need?},
  journal =    {IEEE Journal on   Selected Areas in Communications},
  volume = {31},
  number ={2},
  pages = {160 -- 171},
  month = feb,
  year = {2013}
 }
 

