@InProceedings{P1,
  author = 	 "Jones, C.D. and Roberts, E.F. and Smith, A.B.",
  title = "Paper Title",
  booktitle = "Proc. Conference Name",
  address = "Location",
  year = 	 "Year",
  pages = 	 "1--10"
}

@Book{B1,
  author = "Roberts, E.F. and Smith, A.B. and Jones, C.D.",
  title = "Book Title",
  publisher = "Publisher",
  year = "Year"
}


