@Article{A1,
  author = "A.B. Smith and C.D. Jones and E.F. Roberts",
  title = "Article Title",
  journal = "Journal",
  year = 	 "Year",
  volume = 	 "1",
  number = "1",
  pages = 	 "1--10",
  month = "Month"
  
}


